% Encoding: UTF-8

@article{SGchapter,
  author={Chirilus-Bruckner, M. and Chong, C. and Cuevas-Maraver, J. and Kevrekidis, P. G.},
  editor={Cuevas-Maraver, Jes{\'u}s and Kevrekidis, Panayotis G. and Williams, Floyd},
  title={sine-Gordon Equation: From Discrete to Continuum},
  bookTitle={The sine-Gordon Model and its Applications: From Pendula and Josephson Junctions to Gravity and High-Energy Physics},
  year={2014},
  publisher={Springer International Publishing},
  pages={31--57}
}


@article{Balmforth2000,
  title = {Being Stable and Discrete},
  author = {Balmforth, N.J and Craster, R.V and Kevrekidis, P.G},
  year = {2000},
  month = jan,
  volume = {135},
  pages = {212--232},
  issn = {01672789},
  doi = {10.1016/S0167-2789(99)00137-2},
  journal = {Physica D: Nonlinear Phenomena},
  language = {en},
  number = {3-4}
}

@article{Bountis2000,
  doi = {10.1016/s0375-9601(00)00100-6},
  url = {https://doi.org/10.1016/s0375-9601(00)00100-6},
  year = {2000},
  month = apr,
  publisher = {Elsevier {BV}},
  volume = {268},
  number = {1-2},
  pages = {50--60},
  author = {T Bountis and H.W Capel and M Kollmann and J.C Ross and J.M Bergamin and J.P van der Weele},
  title = {Multibreathers and homoclinic orbits in 1-dimensional nonlinear lattices},
  journal = {Physics Letters A}
}

@article{KevrekidisWeinstein2000,
  title = {Dynamics of lattice kinks},
  volume = {142},
  issn = {01672789},
  url = {https://linkinghub.elsevier.com/retrieve/pii/S0167278900000476},
  language = {en},
  number = {1-2},
  urldate = {2020-05-13},
  journal = {Physica D: Nonlinear Phenomena},
  author = {Kevrekidis, P.G. and Weinstein, M.I.},
  month = Aug,
  year = {2000},
  pages = {113--152},
}


@article{Parker2020,
  title = {Existence and spectral stability of multi-pulses in discrete {Hamiltonian} lattice systems},
  volume = {408},
  issn = {01672789},
  language = {en},
  urldate = {2020-05-13},
  journal = {Physica D: Nonlinear Phenomena},
  author = {Parker, Ross and Kevrekidis, P.G. and Sandstede, Björn},
  month = jul,
  year = {2020},
  pages = {132414},
  file = {Parker et al. - 2020 - Existence and spectral stability of multi-pulses i.pdf:/Users/karenlarson/Zotero/storage/BP64ISVU/Parker et al. - 2020 - Existence and spectral stability of multi-pulses i.pdf:application/pdf}
}

@article{Pelinovsky2012,
  doi = {10.1088/0951-7715/25/12/3423},
  url = {https://doi.org/10.1088/0951-7715/25/12/3423},
  year = {2012},
  month = nov,
  publisher = {{IOP} Publishing},
  volume = {25},
  number = {12},
  pages = {3423--3451},
  author = {Dmitry Pelinovsky and Anton Sakovich},
  title = {Multi-site breathers in Klein{\textendash}Gordon lattices: stability, resonances and bifurcations},
  journal = {Nonlinearity}
}

@Article{Lin1990,
  author    = {Xiao-Biao Lin},
  title     = {Using Melnikov{'}s method to solve Silnikov{'}s problems},
  journal   = {Proceedings of the Royal Society of Edinburgh: Section A Mathematics},
  year      = {1990},
  volume    = {116},
  number    = {3-4},
  pages     = {295--325},
  doi       = {10.1017/s0308210500031528},
  publisher = {Cambridge University Press ({CUP})},
}

@article{Lin2008,
  doi = {10.4249/scholarpedia.6972},
  url = {https://doi.org/10.4249/scholarpedia.6972},
  year = {2008},
  publisher = {Scholarpedia},
  volume = {3},
  number = {9},
  pages = {6972},
  author = {Xiao-Biao Lin},
  title = {Lin{'}s method},
  journal = {Scholarpedia}
}

@article{Jason2019,
  title = {Spatially localized structures in lattice dynamical systems},
  author = {Bramburger, J.J. and Sandstede, B.},
  journal = {J. Nonlinear Sci.},
  volume = {In press},
  year = {2019}
}

@article{Alfimov,
title = "On classification of intrinsic localized modes for the discrete nonlinear {Schr\"{o}dinger} equation",
journal = "Physica D: Nonlinear Phenomena",
volume = "194",
number = "1",
pages = "127 - 150",
year = "2004",
issn = "0167-2789",
doi = "https://doi.org/10.1016/j.physd.2004.02.001",
url = "http://www.sciencedirect.com/science/article/pii/S0167278904000910",
author = "G.L. Alfimov and V.A. Brazhnyi and V.V. Konotop",
keywords = "Discrete nonlinear Schrödinger equation, Intrinsic localized modes, Discrete breather, Bifurcations",
abstract = "We consider localized modes (discrete breathers) of the discrete nonlinear Schrödinger equation i(dψn/dt)=ψn+1+ψn−1−2ψn+σ|ψn|2ψn, σ=±1, n∈Z. We study the diversity of the steady-state solutions of the form ψn(t)=eiωtvn and the intervals of the frequency, ω, of their existence. The base for the analysis is provided by the anticontinuous limit (ω negative and large enough) where all the solutions can be coded by the sequences of three symbols “−”, “0” and “+”. Using dynamical systems approach we show that this coding is valid for ω<ω∗≈−3.4533 and the point ω∗ is a point of accumulation of saddle-node bifurcations. Also we study other bifurcations of intrinsic localized modes which take place for ω>ω∗ and give the complete table of them for the solutions with codes consisting of less than four symbols."
}

@book{pgksg, 
  place={Heidelberg}, 
  series={Nonlinear Systems and Complexity}, 
  title={The sine-Gordon Model and its Applications},  
  publisher={Springer-Verlag}, 
  author={Cuevas-Maraver, J. and Kevrekidis, P.G. and Williams, F.}, 
  year={2014}
}


@article{add1,
  title = {Static multikink solutions in a discrete Frenkel-Kontorova model with anharmonic interactions},
  author = {Markov, Ivan},
  journal = {Phys. Rev. B},
  volume = {48},
  issue = {18},
  pages = {14016--14019},
  numpages = {0},
  year = {1993},
  month = {Nov},
  publisher = {American Physical Society},
  doi = {10.1103/PhysRevB.48.14016},
  url = {https://link.aps.org/doi/10.1103/PhysRevB.48.14016}
}

@article{vkouketal,
author = {Cuevas, J. and Koukouloyannis, V. and Kevrekidis, P. G. and Archilla, J. F. R.},
title = {MULTIBREATHER AND VORTEX BREATHER STABILITY IN KLEIN–GORDON LATTICES: EQUIVALENCE BETWEEN TWO DIFFERENT APPROACHES},
journal = {International Journal of Bifurcation and Chaos},
volume = {21},
number = {08},
pages = {2161-2177},
year = {2011},
URL = {https://doi.org/10.1142/S0218127411029690}
}

@article{kevold,
  title = {Multipulses in discrete {Hamiltonian} nonlinear systems},
  author = {Kevrekidis, P. G.},
  journal = {Phys. Rev. E},
  volume = {64},
  issue = {2},
  pages = {026611},
  numpages = {5},
  year = {2001},
  month = {Jul},
  publisher = {American Physical Society},
  doi = {10.1103/PhysRevE.64.026611},
  url = {https://link.aps.org/doi/10.1103/PhysRevE.64.026611}
}

@Article{beyn2,
 author    = {W.-J. Beyn and S. Selle and V. Th{\"u}mmler},
  title     = {Freezing Multipulses and Multifronts},
  journal   = {SIAM J. Appl. Dyn. Sys.},
  year      = {2008},
  volume    = {7},
  number    = {02},
  pages     = {577--608},
  doi       = {10.1137/07070749X},
  publisher = {Society for Industrial and Applied Mathematics}
}

@Article{Sandstede1998,
  author    = {Bj{\"o}rn Sandstede},
  title     = {Stability of multiple-pulse solutions},
  journal   = {Transactions of the American Mathematical Society},
  year      = {1998},
  volume    = {350},
  number    = {02},
  pages     = {429--473},
  month     = {feb},
  doi       = {10.1090/s0002-9947-98-01673-0},
  publisher = {American Mathematical Society ({AMS})},
}

@Article{SandstedeStrut,
  author    = {B. Sandstede},
  title     = {Instability of localized buckling modes in a one-dimensional strut model},
  journal   = {Philosophical Transactions of the Royal Society A: Mathematical, Physical and Engineering Sciences},
  year      = {1997},
  volume    = {355},
  number    = {1732},
  pages     = {2083--2097},
  month     = {nov},
  doi       = {10.1098/rsta.1997.0111},
  publisher = {The Royal Society},
}

@article{ParkerPeriodic,
    title={Periodic multi-pulses and spectral stability in {H}amiltonian {PDEs} with symmetry},
    author={Ross Parker and Bj{\"o}rn Sandstede},
    year={2020},
    month=Oct,
    journal = {arXiv e-prints (submitted to Journal of Differential Equations)},
    eprint={2010.05728},
    archivePrefix={arXiv},
}

@Book{Kapitula2013,
  title     = {Spectral and Dynamical Stability of Nonlinear Waves},
  publisher = {Springer New York},
  year      = {2013},
  author    = {Todd Kapitula, Keith Promislow},
  date      = {2013-06-06},
  ean       = {9781461469957},
  url       = {https://www.ebook.de/de/product/23033927/todd_kapitula_keith_promislow_spectral_and_dynamical_stability_of_nonlinear_waves.html},
}

@Article{Sandstede1997,
  author    = {B Sandstede},
  title     = {Convergence estimates for the numerical approximation of homoclinic solutions},
  journal   = {{IMA} Journal of Numerical Analysis},
  year      = {1997},
  volume    = {17},
  number    = {3},
  pages     = {437--462},
  month     = {jul},
  doi       = {10.1093/imanum/17.3.437},
  publisher = {Oxford University Press ({OUP})},
}

@Book{Kevrekidis2009,
  title     = {The Discrete Nonlinear {Schr\"{o}dinger} Equation},
  publisher = {Springer Berlin Heidelberg},
  year      = {2009},
  author    = {Panayotis G. Kevrekidis},
  doi       = {10.1007/978-3-540-89199-4},
}

@Article{Knobloch2000,
  author    = {J. Knobloch},
  title     = {Lin's method for discrete dynamical systems},
  journal   = {Journal of Difference Equations and Applications},
  year      = {2000},
  volume    = {6},
  number    = {5},
  pages     = {577--623},
  month     = {jan},
  doi       = {10.1080/10236190008808247},
  publisher = {Informa {UK} Limited},
}

@Article{Kapitula2001,
  author    = {Todd Kapitula and Panayotis Kevrekidis},
  title     = {Stability of waves in discrete systems},
  journal   = {Nonlinearity},
  year      = {2001},
  volume    = {14},
  number    = {3},
  pages     = {533--566},
  month     = {apr},
  doi       = {10.1088/0951-7715/14/3/306},
  publisher = {{IOP} Publishing},
}

@Book{Jirari1995,
  title     = {Second-Order {Sturm-Liouville} Difference Equations And Orthogonal Polynomials},
  publisher = {American Mathematical Society},
  year      = {1995},
  author    = {Jirari, Alouf},
  isbn      = {082180359X},
  date      = {1995-02-28},
  ean       = {9780821803592},
  url       = {https://www.ebook.de/de/product/35018656/second_order_sturm_liouville_difference_equations_and_orthogonal_polynomials.html},
}

@Article{Kapitula2001a,
  author    = {T. Kapitula and P. G. Kevrekidis and B. A. Malomed},
  title     = {Stability of multiple pulses in discrete systems},
  journal   = {Physical Review E},
  year      = {2001},
  volume    = {63},
  number    = {3},
  month     = {feb},
  doi       = {10.1103/physreve.63.036604},
  publisher = {American Physical Society ({APS})},
}

@Article{peyrard,
  author    = {M. Peyrard and M.D. Kruskal},
  title     = {Kink dynamics in the highly discrete {sine-Gordon} system},
  journal   = {Physica D},
  year      = {1984},
  volume    = {14},
  number    = {1},
  pages     = {88--102},
  doi       = {10.1016/0167-2789(84)90006-X},
  publisher = {Elsevier},
}


